%YAML 1.1
%TAG !u! tag:unity3d.com,2011:
--- !u!1 &311072475
GameObject:
  m_ObjectHideFlags: 0
  m_CorrespondingSourceObject: {fileID: 0}
  m_PrefabInstance: {fileID: 0}
  m_PrefabAsset: {fileID: 0}
  serializedVersion: 6
  m_Component:
  - component: {fileID: 311072476}
  - component: {fileID: 311072477}
  m_Layer: 3
  m_Name: Spot Light (3)
  m_TagString: Untagged
  m_Icon: {fileID: 0}
  m_NavMeshLayer: 0
  m_StaticEditorFlags: 0
  m_IsActive: 1
--- !u!4 &311072476
Transform:
  m_ObjectHideFlags: 0
  m_CorrespondingSourceObject: {fileID: 0}
  m_PrefabInstance: {fileID: 0}
  m_PrefabAsset: {fileID: 0}
  m_GameObject: {fileID: 311072475}
  m_LocalRotation: {x: 0, y: 0, z: 0, w: 1}
  m_LocalPosition: {x: 0.33, y: 0.629, z: 1.15}
  m_LocalScale: {x: 1, y: 1, z: 1}
  m_Children: []
  m_Father: {fileID: 1754283904159209237}
  m_RootOrder: 9
  m_LocalEulerAnglesHint: {x: 0, y: 0, z: 0}
--- !u!108 &311072477
Light:
  m_ObjectHideFlags: 0
  m_CorrespondingSourceObject: {fileID: 0}
  m_PrefabInstance: {fileID: 0}
  m_PrefabAsset: {fileID: 0}
  m_GameObject: {fileID: 311072475}
  m_Enabled: 1
  serializedVersion: 10
  m_Type: 0
  m_Shape: 0
  m_Color: {r: 0.8301887, g: 0.70806164, b: 0.3250267, a: 1}
  m_Intensity: 33.2
  m_Range: 24.64
  m_SpotAngle: 41.13059
  m_InnerSpotAngle: 41.13059
  m_CookieSize: 10
  m_Shadows:
    m_Type: 1
    m_Resolution: -1
    m_CustomResolution: -1
    m_Strength: 0.498
    m_Bias: 0.05
    m_NormalBias: 0.4
    m_NearPlane: 0.2
    m_CullingMatrixOverride:
      e00: 1
      e01: 0
      e02: 0
      e03: 0
      e10: 0
      e11: 1
      e12: 0
      e13: 0
      e20: 0
      e21: 0
      e22: 1
      e23: 0
      e30: 0
      e31: 0
      e32: 0
      e33: 1
    m_UseCullingMatrixOverride: 0
  m_Cookie: {fileID: 0}
  m_DrawHalo: 0
  m_Flare: {fileID: 0}
  m_RenderMode: 0
  m_CullingMask:
    serializedVersion: 2
    m_Bits: 4294967295
  m_RenderingLayerMask: 1
  m_Lightmapping: 4
  m_LightShadowCasterMode: 0
  m_AreaSize: {x: 1, y: 1}
  m_BounceIntensity: 1
  m_ColorTemperature: 6570
  m_UseColorTemperature: 0
  m_BoundingSphereOverride: {x: 0, y: 0, z: 0, w: 0}
  m_UseBoundingSphereOverride: 0
  m_UseViewFrustumForShadowCasterCull: 1
  m_ShadowRadius: 0
  m_ShadowAngle: 0
--- !u!1 &482392265
GameObject:
  m_ObjectHideFlags: 0
  m_CorrespondingSourceObject: {fileID: 0}
  m_PrefabInstance: {fileID: 0}
  m_PrefabAsset: {fileID: 0}
  serializedVersion: 6
  m_Component:
  - component: {fileID: 482392266}
  - component: {fileID: 482392267}
  m_Layer: 3
  m_Name: Spot Light
  m_TagString: Untagged
  m_Icon: {fileID: 0}
  m_NavMeshLayer: 0
  m_StaticEditorFlags: 0
  m_IsActive: 1
--- !u!4 &482392266
Transform:
  m_ObjectHideFlags: 0
  m_CorrespondingSourceObject: {fileID: 0}
  m_PrefabInstance: {fileID: 0}
  m_PrefabAsset: {fileID: 0}
  m_GameObject: {fileID: 482392265}
  m_LocalRotation: {x: 0, y: 1, z: 0, w: 0}
  m_LocalPosition: {x: -0.39, y: 0.629, z: -1.27}
  m_LocalScale: {x: 1, y: 1, z: 1}
  m_Children: []
  m_Father: {fileID: 1754283904159209237}
  m_RootOrder: 6
  m_LocalEulerAnglesHint: {x: 0, y: 180, z: 0}
--- !u!108 &482392267
Light:
  m_ObjectHideFlags: 0
  m_CorrespondingSourceObject: {fileID: 0}
  m_PrefabInstance: {fileID: 0}
  m_PrefabAsset: {fileID: 0}
  m_GameObject: {fileID: 482392265}
  m_Enabled: 1
  serializedVersion: 10
  m_Type: 0
  m_Shape: 0
  m_Color: {r: 0.8679245, g: 0.24803385, b: 0.1514774, a: 1}
  m_Intensity: 1.16
  m_Range: 3.15
  m_SpotAngle: 114.79959
  m_InnerSpotAngle: 90.92825
  m_CookieSize: 10
  m_Shadows:
    m_Type: 0
    m_Resolution: -1
    m_CustomResolution: -1
    m_Strength: 1
    m_Bias: 0.05
    m_NormalBias: 0.4
    m_NearPlane: 0.2
    m_CullingMatrixOverride:
      e00: 1
      e01: 0
      e02: 0
      e03: 0
      e10: 0
      e11: 1
      e12: 0
      e13: 0
      e20: 0
      e21: 0
      e22: 1
      e23: 0
      e30: 0
      e31: 0
      e32: 0
      e33: 1
    m_UseCullingMatrixOverride: 0
  m_Cookie: {fileID: 0}
  m_DrawHalo: 0
  m_Flare: {fileID: 0}
  m_RenderMode: 0
  m_CullingMask:
    serializedVersion: 2
    m_Bits: 4294967295
  m_RenderingLayerMask: 1
  m_Lightmapping: 4
  m_LightShadowCasterMode: 0
  m_AreaSize: {x: 1, y: 1}
  m_BounceIntensity: 1
  m_ColorTemperature: 6570
  m_UseColorTemperature: 0
  m_BoundingSphereOverride: {x: 0, y: 0, z: 0, w: 0}
  m_UseBoundingSphereOverride: 0
  m_UseViewFrustumForShadowCasterCull: 1
  m_ShadowRadius: 0
  m_ShadowAngle: 0
--- !u!1 &1522515027
GameObject:
  m_ObjectHideFlags: 0
  m_CorrespondingSourceObject: {fileID: 0}
  m_PrefabInstance: {fileID: 0}
  m_PrefabAsset: {fileID: 0}
  serializedVersion: 6
  m_Component:
  - component: {fileID: 1522515028}
  - component: {fileID: 1522515029}
  m_Layer: 3
  m_Name: Spot Light (2)
  m_TagString: Untagged
  m_Icon: {fileID: 0}
  m_NavMeshLayer: 0
  m_StaticEditorFlags: 0
  m_IsActive: 1
--- !u!4 &1522515028
Transform:
  m_ObjectHideFlags: 0
  m_CorrespondingSourceObject: {fileID: 0}
  m_PrefabInstance: {fileID: 0}
  m_PrefabAsset: {fileID: 0}
  m_GameObject: {fileID: 1522515027}
  m_LocalRotation: {x: 0, y: 0, z: 0, w: 1}
  m_LocalPosition: {x: -0.39, y: 0.629, z: 1.15}
  m_LocalScale: {x: 1, y: 1, z: 1}
  m_Children: []
  m_Father: {fileID: 1754283904159209237}
  m_RootOrder: 8
  m_LocalEulerAnglesHint: {x: 0, y: 0, z: 0}
--- !u!108 &1522515029
Light:
  m_ObjectHideFlags: 0
  m_CorrespondingSourceObject: {fileID: 0}
  m_PrefabInstance: {fileID: 0}
  m_PrefabAsset: {fileID: 0}
  m_GameObject: {fileID: 1522515027}
  m_Enabled: 1
  serializedVersion: 10
  m_Type: 0
  m_Shape: 0
  m_Color: {r: 0.8301887, g: 0.70806164, b: 0.3250267, a: 1}
  m_Intensity: 33.2
  m_Range: 24.64
  m_SpotAngle: 41.13059
  m_InnerSpotAngle: 41.13059
  m_CookieSize: 10
  m_Shadows:
    m_Type: 1
    m_Resolution: -1
    m_CustomResolution: -1
    m_Strength: 0.498
    m_Bias: 0.05
    m_NormalBias: 0.4
    m_NearPlane: 0.2
    m_CullingMatrixOverride:
      e00: 1
      e01: 0
      e02: 0
      e03: 0
      e10: 0
      e11: 1
      e12: 0
      e13: 0
      e20: 0
      e21: 0
      e22: 1
      e23: 0
      e30: 0
      e31: 0
      e32: 0
      e33: 1
    m_UseCullingMatrixOverride: 0
  m_Cookie: {fileID: 0}
  m_DrawHalo: 0
  m_Flare: {fileID: 0}
  m_RenderMode: 0
  m_CullingMask:
    serializedVersion: 2
    m_Bits: 4294967295
  m_RenderingLayerMask: 1
  m_Lightmapping: 4
  m_LightShadowCasterMode: 0
  m_AreaSize: {x: 1, y: 1}
  m_BounceIntensity: 1
  m_ColorTemperature: 6570
  m_UseColorTemperature: 0
  m_BoundingSphereOverride: {x: 0, y: 0, z: 0, w: 0}
  m_UseBoundingSphereOverride: 0
  m_UseViewFrustumForShadowCasterCull: 1
  m_ShadowRadius: 0
  m_ShadowAngle: 0
--- !u!1 &2012131664
GameObject:
  m_ObjectHideFlags: 0
  m_CorrespondingSourceObject: {fileID: 0}
  m_PrefabInstance: {fileID: 0}
  m_PrefabAsset: {fileID: 0}
  serializedVersion: 6
  m_Component:
  - component: {fileID: 2012131665}
  - component: {fileID: 2012131666}
  m_Layer: 3
  m_Name: Spot Light (1)
  m_TagString: Untagged
  m_Icon: {fileID: 0}
  m_NavMeshLayer: 0
  m_StaticEditorFlags: 0
  m_IsActive: 1
--- !u!4 &2012131665
Transform:
  m_ObjectHideFlags: 0
  m_CorrespondingSourceObject: {fileID: 0}
  m_PrefabInstance: {fileID: 0}
  m_PrefabAsset: {fileID: 0}
  m_GameObject: {fileID: 2012131664}
  m_LocalRotation: {x: 0, y: 1, z: 0, w: 0}
  m_LocalPosition: {x: 0.33, y: 0.629, z: -1.27}
  m_LocalScale: {x: 1, y: 1, z: 1}
  m_Children: []
  m_Father: {fileID: 1754283904159209237}
  m_RootOrder: 7
  m_LocalEulerAnglesHint: {x: 0, y: 180, z: 0}
--- !u!108 &2012131666
Light:
  m_ObjectHideFlags: 0
  m_CorrespondingSourceObject: {fileID: 0}
  m_PrefabInstance: {fileID: 0}
  m_PrefabAsset: {fileID: 0}
  m_GameObject: {fileID: 2012131664}
  m_Enabled: 1
  serializedVersion: 10
  m_Type: 0
  m_Shape: 0
  m_Color: {r: 0.8679245, g: 0.24803385, b: 0.1514774, a: 1}
  m_Intensity: 1.16
  m_Range: 3.15
  m_SpotAngle: 114.79959
  m_InnerSpotAngle: 90.92825
  m_CookieSize: 10
  m_Shadows:
    m_Type: 0
    m_Resolution: -1
    m_CustomResolution: -1
    m_Strength: 1
    m_Bias: 0.05
    m_NormalBias: 0.4
    m_NearPlane: 0.2
    m_CullingMatrixOverride:
      e00: 1
      e01: 0
      e02: 0
      e03: 0
      e10: 0
      e11: 1
      e12: 0
      e13: 0
      e20: 0
      e21: 0
      e22: 1
      e23: 0
      e30: 0
      e31: 0
      e32: 0
      e33: 1
    m_UseCullingMatrixOverride: 0
  m_Cookie: {fileID: 0}
  m_DrawHalo: 0
  m_Flare: {fileID: 0}
  m_RenderMode: 0
  m_CullingMask:
    serializedVersion: 2
    m_Bits: 4294967295
  m_RenderingLayerMask: 1
  m_Lightmapping: 4
  m_LightShadowCasterMode: 0
  m_AreaSize: {x: 1, y: 1}
  m_BounceIntensity: 1
  m_ColorTemperature: 6570
  m_UseColorTemperature: 0
  m_BoundingSphereOverride: {x: 0, y: 0, z: 0, w: 0}
  m_UseBoundingSphereOverride: 0
  m_UseViewFrustumForShadowCasterCull: 1
  m_ShadowRadius: 0
  m_ShadowAngle: 0
--- !u!1 &1374626230705851823
GameObject:
  m_ObjectHideFlags: 0
  m_CorrespondingSourceObject: {fileID: 0}
  m_PrefabInstance: {fileID: 0}
  m_PrefabAsset: {fileID: 0}
  serializedVersion: 6
  m_Component:
  - component: {fileID: 1754283904159209237}
  - component: {fileID: 2293122312249356532}
  - component: {fileID: 2293122312249356534}
  - component: {fileID: 774422593}
  m_Layer: 3
  m_Name: sedan
  m_TagString: Untagged
  m_Icon: {fileID: 0}
  m_NavMeshLayer: 0
  m_StaticEditorFlags: 0
  m_IsActive: 1
--- !u!4 &1754283904159209237
Transform:
  m_ObjectHideFlags: 0
  m_CorrespondingSourceObject: {fileID: 0}
  m_PrefabInstance: {fileID: 0}
  m_PrefabAsset: {fileID: 0}
  m_GameObject: {fileID: 1374626230705851823}
  m_LocalRotation: {x: 0, y: 0, z: 0, w: 1}
  m_LocalPosition: {x: -3.536997, y: 0.25000095, z: -1.5273161}
  m_LocalScale: {x: 1, y: 1, z: 1}
  m_Children:
  - {fileID: 3565401747691902401}
  - {fileID: 5038078273689990630}
  - {fileID: 169499022333076992}
  - {fileID: 9201138600085036544}
  - {fileID: 2261105815557184318}
  - {fileID: 2293122312226739680}
  - {fileID: 482392266}
  - {fileID: 2012131665}
  - {fileID: 1522515028}
  - {fileID: 311072476}
  m_Father: {fileID: 0}
  m_RootOrder: 0
  m_LocalEulerAnglesHint: {x: 0, y: 0, z: 0}
--- !u!54 &2293122312249356532
Rigidbody:
  m_ObjectHideFlags: 0
  m_CorrespondingSourceObject: {fileID: 0}
  m_PrefabInstance: {fileID: 0}
  m_PrefabAsset: {fileID: 0}
  m_GameObject: {fileID: 1374626230705851823}
  serializedVersion: 2
  m_Mass: 1500
  m_Drag: 0
  m_AngularDrag: 15
  m_UseGravity: 1
  m_IsKinematic: 0
  m_Interpolate: 0
  m_Constraints: 80
  m_CollisionDetection: 0
--- !u!114 &2293122312249356534
MonoBehaviour:
  m_ObjectHideFlags: 0
  m_CorrespondingSourceObject: {fileID: 0}
  m_PrefabInstance: {fileID: 0}
  m_PrefabAsset: {fileID: 0}
  m_GameObject: {fileID: 1374626230705851823}
  m_Enabled: 1
  m_EditorHideFlags: 0
  m_Script: {fileID: 11500000, guid: 9aeb52aa703346244850f44e468a28f0, type: 3}
  m_Name: 
  m_EditorClassIdentifier: 
  onFinish:
    m_PersistentCalls:
      m_Calls: []
  axleInfos:
  - leftWheelColl: {fileID: 2293122311217005535}
    leftWheelMesh: {fileID: 9201138600085036544}
    rightWheelColl: {fileID: 2293122312048904929}
    rightWheelMesh: {fileID: 2261105815557184318}
    motor: 1
    steering: 1
  - leftWheelColl: {fileID: 2293122312251116814}
    leftWheelMesh: {fileID: 5038078273689990630}
    rightWheelColl: {fileID: 2293122310799411125}
    rightWheelMesh: {fileID: 169499022333076992}
    motor: 1
    steering: 0
  maxMotorTorque: 300
  maxSteeringAngle: 20
  maxBreakForce: 100
  hornSource: {fileID: 774422593}
--- !u!82 &774422593
AudioSource:
  m_ObjectHideFlags: 0
  m_CorrespondingSourceObject: {fileID: 0}
  m_PrefabInstance: {fileID: 0}
  m_PrefabAsset: {fileID: 0}
  m_GameObject: {fileID: 1374626230705851823}
  m_Enabled: 1
  serializedVersion: 4
  OutputAudioMixerGroup: {fileID: 0}
  m_audioClip: {fileID: 8300000, guid: 53c9f9b10e84ccec59be62c37b421905, type: 3}
  m_PlayOnAwake: 0
  m_Volume: 1
  m_Pitch: 1
  Loop: 0
  Mute: 0
  Spatialize: 0
  SpatializePostEffects: 0
  Priority: 128
  DopplerLevel: 1
  MinDistance: 1
  MaxDistance: 500
  Pan2D: 0
  rolloffMode: 0
  BypassEffects: 0
  BypassListenerEffects: 0
  BypassReverbZones: 0
  rolloffCustomCurve:
    serializedVersion: 2
    m_Curve:
    - serializedVersion: 3
      time: 0
      value: 1
      inSlope: 0
      outSlope: 0
      tangentMode: 0
      weightedMode: 0
      inWeight: 0.33333334
      outWeight: 0.33333334
    - serializedVersion: 3
      time: 1
      value: 0
      inSlope: 0
      outSlope: 0
      tangentMode: 0
      weightedMode: 0
      inWeight: 0.33333334
      outWeight: 0.33333334
    m_PreInfinity: 2
    m_PostInfinity: 2
    m_RotationOrder: 4
  panLevelCustomCurve:
    serializedVersion: 2
    m_Curve:
    - serializedVersion: 3
      time: 0
      value: 0
      inSlope: 0
      outSlope: 0
      tangentMode: 0
      weightedMode: 0
      inWeight: 0.33333334
      outWeight: 0.33333334
    m_PreInfinity: 2
    m_PostInfinity: 2
    m_RotationOrder: 4
  spreadCustomCurve:
    serializedVersion: 2
    m_Curve:
    - serializedVersion: 3
      time: 0
      value: 0
      inSlope: 0
      outSlope: 0
      tangentMode: 0
      weightedMode: 0
      inWeight: 0.33333334
      outWeight: 0.33333334
    m_PreInfinity: 2
    m_PostInfinity: 2
    m_RotationOrder: 4
  reverbZoneMixCustomCurve:
    serializedVersion: 2
    m_Curve:
    - serializedVersion: 3
      time: 0
      value: 1
      inSlope: 0
      outSlope: 0
      tangentMode: 0
      weightedMode: 0
      inWeight: 0.33333334
      outWeight: 0.33333334
    m_PreInfinity: 2
    m_PostInfinity: 2
    m_RotationOrder: 4
--- !u!1 &1639374203597759602
GameObject:
  m_ObjectHideFlags: 0
  m_CorrespondingSourceObject: {fileID: 0}
  m_PrefabInstance: {fileID: 0}
  m_PrefabAsset: {fileID: 0}
  serializedVersion: 6
  m_Component:
  - component: {fileID: 2261105815557184318}
  - component: {fileID: 1406756562382915963}
  - component: {fileID: 609025152115063052}
  m_Layer: 3
  m_Name: wheel_frontRight
  m_TagString: Untagged
  m_Icon: {fileID: 0}
  m_NavMeshLayer: 0
  m_StaticEditorFlags: 0
  m_IsActive: 1
--- !u!4 &2261105815557184318
Transform:
  m_ObjectHideFlags: 0
  m_CorrespondingSourceObject: {fileID: 0}
  m_PrefabInstance: {fileID: 0}
  m_PrefabAsset: {fileID: 0}
  m_GameObject: {fileID: 1639374203597759602}
  m_LocalRotation: {x: 0, y: -0, z: -0, w: 1}
  m_LocalPosition: {x: 0.34999996, y: 0.29999998, z: 0.65999985}
  m_LocalScale: {x: 1, y: 1, z: 1}
  m_Children: []
  m_Father: {fileID: 1754283904159209237}
  m_RootOrder: 4
  m_LocalEulerAnglesHint: {x: 0, y: 0, z: 0}
--- !u!33 &1406756562382915963
MeshFilter:
  m_ObjectHideFlags: 0
  m_CorrespondingSourceObject: {fileID: 0}
  m_PrefabInstance: {fileID: 0}
  m_PrefabAsset: {fileID: 0}
  m_GameObject: {fileID: 1639374203597759602}
  m_Mesh: {fileID: 3046150549580104586, guid: d017f53e91b89db498afbb192fe8f4d4, type: 3}
--- !u!23 &609025152115063052
MeshRenderer:
  m_ObjectHideFlags: 0
  m_CorrespondingSourceObject: {fileID: 0}
  m_PrefabInstance: {fileID: 0}
  m_PrefabAsset: {fileID: 0}
  m_GameObject: {fileID: 1639374203597759602}
  m_Enabled: 1
  m_CastShadows: 1
  m_ReceiveShadows: 1
  m_DynamicOccludee: 1
  m_MotionVectors: 1
  m_LightProbeUsage: 1
  m_ReflectionProbeUsage: 1
  m_RayTracingMode: 2
  m_RayTraceProcedural: 0
  m_RenderingLayerMask: 1
  m_RendererPriority: 0
  m_Materials:
  - {fileID: -1991239904168531565, guid: d017f53e91b89db498afbb192fe8f4d4, type: 3}
  - {fileID: -3963241562183589234, guid: d017f53e91b89db498afbb192fe8f4d4, type: 3}
  m_StaticBatchInfo:
    firstSubMesh: 0
    subMeshCount: 0
  m_StaticBatchRoot: {fileID: 0}
  m_ProbeAnchor: {fileID: 0}
  m_LightProbeVolumeOverride: {fileID: 0}
  m_ScaleInLightmap: 1
  m_ReceiveGI: 1
  m_PreserveUVs: 0
  m_IgnoreNormalsForChartDetection: 0
  m_ImportantGI: 0
  m_StitchLightmapSeams: 1
  m_SelectedEditorRenderState: 3
  m_MinimumChartSize: 4
  m_AutoUVMaxDistance: 0.5
  m_AutoUVMaxAngle: 89
  m_LightmapParameters: {fileID: 0}
  m_SortingLayerID: 0
  m_SortingLayer: 0
  m_SortingOrder: 0
  m_AdditionalVertexStreams: {fileID: 0}
--- !u!1 &2293122310799411127
GameObject:
  m_ObjectHideFlags: 0
  m_CorrespondingSourceObject: {fileID: 0}
  m_PrefabInstance: {fileID: 0}
  m_PrefabAsset: {fileID: 0}
  serializedVersion: 6
  m_Component:
  - component: {fileID: 2293122310799411124}
  - component: {fileID: 2293122310799411125}
  m_Layer: 3
  m_Name: BackRight
  m_TagString: Untagged
  m_Icon: {fileID: 0}
  m_NavMeshLayer: 0
  m_StaticEditorFlags: 0
  m_IsActive: 1
--- !u!4 &2293122310799411124
Transform:
  m_ObjectHideFlags: 0
  m_CorrespondingSourceObject: {fileID: 0}
  m_PrefabInstance: {fileID: 0}
  m_PrefabAsset: {fileID: 0}
  m_GameObject: {fileID: 2293122310799411127}
  m_LocalRotation: {x: 0, y: 0, z: 0, w: 1}
  m_LocalPosition: {x: 0.34999996, y: 0.29999998, z: -0.65999985}
  m_LocalScale: {x: 1, y: 1, z: 1}
  m_Children: []
  m_Father: {fileID: 2293122312226739680}
  m_RootOrder: 3
  m_LocalEulerAnglesHint: {x: 0, y: 0, z: 0}
--- !u!146 &2293122310799411125
WheelCollider:
  m_ObjectHideFlags: 0
  m_CorrespondingSourceObject: {fileID: 0}
  m_PrefabInstance: {fileID: 0}
  m_PrefabAsset: {fileID: 0}
  m_GameObject: {fileID: 2293122310799411127}
  m_Center: {x: 0, y: 0, z: 0}
  m_Radius: 0.3
  m_SuspensionSpring:
    spring: 35000
    damper: 4500
    targetPosition: 0.5
  m_SuspensionDistance: 0.3
  m_ForceAppPointDistance: 0
  m_Mass: 20
  m_WheelDampingRate: 0.25
  m_ForwardFriction:
    m_ExtremumSlip: 0.4
    m_ExtremumValue: 1
    m_AsymptoteSlip: 0.8
    m_AsymptoteValue: 0.5
    m_Stiffness: 1
  m_SidewaysFriction:
    m_ExtremumSlip: 0.2
    m_ExtremumValue: 1
    m_AsymptoteSlip: 0.5
    m_AsymptoteValue: 0.75
    m_Stiffness: 1
  m_Enabled: 1
--- !u!1 &2293122311217005537
GameObject:
  m_ObjectHideFlags: 0
  m_CorrespondingSourceObject: {fileID: 0}
  m_PrefabInstance: {fileID: 0}
  m_PrefabAsset: {fileID: 0}
  serializedVersion: 6
  m_Component:
  - component: {fileID: 2293122311217005534}
  - component: {fileID: 2293122311217005535}
  m_Layer: 3
  m_Name: FrontLeft
  m_TagString: Untagged
  m_Icon: {fileID: 0}
  m_NavMeshLayer: 0
  m_StaticEditorFlags: 0
  m_IsActive: 1
--- !u!4 &2293122311217005534
Transform:
  m_ObjectHideFlags: 0
  m_CorrespondingSourceObject: {fileID: 0}
  m_PrefabInstance: {fileID: 0}
  m_PrefabAsset: {fileID: 0}
  m_GameObject: {fileID: 2293122311217005537}
  m_LocalRotation: {x: 0, y: 0, z: 0, w: 1}
  m_LocalPosition: {x: -0.34999996, y: 0.29999998, z: 0.65999985}
  m_LocalScale: {x: 1, y: 1, z: 1}
  m_Children: []
  m_Father: {fileID: 2293122312226739680}
  m_RootOrder: 0
  m_LocalEulerAnglesHint: {x: 0, y: 0, z: 0}
--- !u!146 &2293122311217005535
WheelCollider:
  m_ObjectHideFlags: 0
  m_CorrespondingSourceObject: {fileID: 0}
  m_PrefabInstance: {fileID: 0}
  m_PrefabAsset: {fileID: 0}
  m_GameObject: {fileID: 2293122311217005537}
  m_Center: {x: 0, y: 0, z: 0}
  m_Radius: 0.3
  m_SuspensionSpring:
    spring: 35000
    damper: 4500
    targetPosition: 0.5
  m_SuspensionDistance: 0.3
  m_ForceAppPointDistance: 0
  m_Mass: 20
  m_WheelDampingRate: 0.25
  m_ForwardFriction:
    m_ExtremumSlip: 0.4
    m_ExtremumValue: 1
    m_AsymptoteSlip: 0.8
    m_AsymptoteValue: 0.5
    m_Stiffness: 1
  m_SidewaysFriction:
    m_ExtremumSlip: 0.2
    m_ExtremumValue: 1
    m_AsymptoteSlip: 0.5
    m_AsymptoteValue: 0.75
    m_Stiffness: 1
  m_Enabled: 1
--- !u!1 &2293122311461336974
GameObject:
  m_ObjectHideFlags: 0
  m_CorrespondingSourceObject: {fileID: 0}
  m_PrefabInstance: {fileID: 0}
  m_PrefabAsset: {fileID: 0}
  serializedVersion: 6
  m_Component:
  - component: {fileID: 2293122311461336975}
  - component: {fileID: 2293122311461336972}
  m_Layer: 3
  m_Name: Collider
  m_TagString: Untagged
  m_Icon: {fileID: 0}
  m_NavMeshLayer: 0
  m_StaticEditorFlags: 0
  m_IsActive: 1
--- !u!4 &2293122311461336975
Transform:
  m_ObjectHideFlags: 0
  m_CorrespondingSourceObject: {fileID: 0}
  m_PrefabInstance: {fileID: 0}
  m_PrefabAsset: {fileID: 0}
  m_GameObject: {fileID: 2293122311461336974}
  m_LocalRotation: {x: -0.7071068, y: 0, z: 0, w: 0.7071068}
  m_LocalPosition: {x: 0, y: 0.426, z: 0}
  m_LocalScale: {x: 1, y: 1, z: 1}
  m_Children: []
  m_Father: {fileID: 3565401747691902401}
  m_RootOrder: 0
  m_LocalEulerAnglesHint: {x: -90, y: 0, z: 0}
--- !u!136 &2293122311461336972
CapsuleCollider:
  m_ObjectHideFlags: 0
  m_CorrespondingSourceObject: {fileID: 0}
  m_PrefabInstance: {fileID: 0}
  m_PrefabAsset: {fileID: 0}
  m_GameObject: {fileID: 2293122311461336974}
  m_Material: {fileID: 0}
  m_IsTrigger: 0
  m_Enabled: 1
  m_Radius: 0.62025195
  m_Height: 2.1828358
  m_Direction: 1
  m_Center: {x: 0, y: 0, z: 0}
--- !u!1 &2293122312048904931
GameObject:
  m_ObjectHideFlags: 0
  m_CorrespondingSourceObject: {fileID: 0}
  m_PrefabInstance: {fileID: 0}
  m_PrefabAsset: {fileID: 0}
  serializedVersion: 6
  m_Component:
  - component: {fileID: 2293122312048904928}
  - component: {fileID: 2293122312048904929}
  m_Layer: 3
  m_Name: FrontRight
  m_TagString: Untagged
  m_Icon: {fileID: 0}
  m_NavMeshLayer: 0
  m_StaticEditorFlags: 0
  m_IsActive: 1
--- !u!4 &2293122312048904928
Transform:
  m_ObjectHideFlags: 0
  m_CorrespondingSourceObject: {fileID: 0}
  m_PrefabInstance: {fileID: 0}
  m_PrefabAsset: {fileID: 0}
  m_GameObject: {fileID: 2293122312048904931}
  m_LocalRotation: {x: 0, y: 0, z: 0, w: 1}
  m_LocalPosition: {x: 0.34999996, y: 0.29999998, z: 0.65999985}
  m_LocalScale: {x: 1, y: 1, z: 1}
  m_Children: []
  m_Father: {fileID: 2293122312226739680}
  m_RootOrder: 1
  m_LocalEulerAnglesHint: {x: 0, y: 0, z: 0}
--- !u!146 &2293122312048904929
WheelCollider:
  m_ObjectHideFlags: 0
  m_CorrespondingSourceObject: {fileID: 0}
  m_PrefabInstance: {fileID: 0}
  m_PrefabAsset: {fileID: 0}
  m_GameObject: {fileID: 2293122312048904931}
  m_Center: {x: 0, y: 0, z: 0}
  m_Radius: 0.3
  m_SuspensionSpring:
    spring: 35000
    damper: 4500
    targetPosition: 0.5
  m_SuspensionDistance: 0.3
  m_ForceAppPointDistance: 0
  m_Mass: 20
  m_WheelDampingRate: 0.25
  m_ForwardFriction:
    m_ExtremumSlip: 0.4
    m_ExtremumValue: 1
    m_AsymptoteSlip: 0.8
    m_AsymptoteValue: 0.5
    m_Stiffness: 1
  m_SidewaysFriction:
    m_ExtremumSlip: 0.2
    m_ExtremumValue: 1
    m_AsymptoteSlip: 0.5
    m_AsymptoteValue: 0.75
    m_Stiffness: 1
  m_Enabled: 1
--- !u!1 &2293122312226739683
GameObject:
  m_ObjectHideFlags: 0
  m_CorrespondingSourceObject: {fileID: 0}
  m_PrefabInstance: {fileID: 0}
  m_PrefabAsset: {fileID: 0}
  serializedVersion: 6
  m_Component:
  - component: {fileID: 2293122312226739680}
  m_Layer: 3
  m_Name: wheels
  m_TagString: Untagged
  m_Icon: {fileID: 0}
  m_NavMeshLayer: 0
  m_StaticEditorFlags: 0
  m_IsActive: 1
--- !u!4 &2293122312226739680
Transform:
  m_ObjectHideFlags: 0
  m_CorrespondingSourceObject: {fileID: 0}
  m_PrefabInstance: {fileID: 0}
  m_PrefabAsset: {fileID: 0}
  m_GameObject: {fileID: 2293122312226739683}
  m_LocalRotation: {x: 0, y: 0, z: 0, w: 1}
  m_LocalPosition: {x: 0, y: 0, z: 0}
  m_LocalScale: {x: 1, y: 1, z: 1}
  m_Children:
  - {fileID: 2293122311217005534}
  - {fileID: 2293122312048904928}
  - {fileID: 2293122312251116817}
  - {fileID: 2293122310799411124}
  m_Father: {fileID: 1754283904159209237}
  m_RootOrder: 5
  m_LocalEulerAnglesHint: {x: 0, y: 0, z: 0}
--- !u!1 &2293122312251116816
GameObject:
  m_ObjectHideFlags: 0
  m_CorrespondingSourceObject: {fileID: 0}
  m_PrefabInstance: {fileID: 0}
  m_PrefabAsset: {fileID: 0}
  serializedVersion: 6
  m_Component:
  - component: {fileID: 2293122312251116817}
  - component: {fileID: 2293122312251116814}
  m_Layer: 3
  m_Name: BackLeft
  m_TagString: Untagged
  m_Icon: {fileID: 0}
  m_NavMeshLayer: 0
  m_StaticEditorFlags: 0
  m_IsActive: 1
--- !u!4 &2293122312251116817
Transform:
  m_ObjectHideFlags: 0
  m_CorrespondingSourceObject: {fileID: 0}
  m_PrefabInstance: {fileID: 0}
  m_PrefabAsset: {fileID: 0}
  m_GameObject: {fileID: 2293122312251116816}
  m_LocalRotation: {x: 0, y: 0, z: 0, w: 1}
  m_LocalPosition: {x: -0.34999996, y: 0.29999998, z: -0.65999985}
  m_LocalScale: {x: 1, y: 1, z: 1}
  m_Children: []
  m_Father: {fileID: 2293122312226739680}
  m_RootOrder: 2
  m_LocalEulerAnglesHint: {x: 0, y: 0, z: 0}
--- !u!146 &2293122312251116814
WheelCollider:
  m_ObjectHideFlags: 0
  m_CorrespondingSourceObject: {fileID: 0}
  m_PrefabInstance: {fileID: 0}
  m_PrefabAsset: {fileID: 0}
  m_GameObject: {fileID: 2293122312251116816}
  m_Center: {x: 0, y: 0, z: 0}
  m_Radius: 0.3
  m_SuspensionSpring:
    spring: 35000
    damper: 4500
    targetPosition: 0.5
  m_SuspensionDistance: 0.3
  m_ForceAppPointDistance: 0
  m_Mass: 20
  m_WheelDampingRate: 0.25
  m_ForwardFriction:
    m_ExtremumSlip: 0.4
    m_ExtremumValue: 1
    m_AsymptoteSlip: 0.8
    m_AsymptoteValue: 0.5
    m_Stiffness: 1
  m_SidewaysFriction:
    m_ExtremumSlip: 0.2
    m_ExtremumValue: 1
    m_AsymptoteSlip: 0.5
    m_AsymptoteValue: 0.75
    m_Stiffness: 1
  m_Enabled: 1
--- !u!1 &2507488435506780988
GameObject:
  m_ObjectHideFlags: 0
  m_CorrespondingSourceObject: {fileID: 0}
  m_PrefabInstance: {fileID: 0}
  m_PrefabAsset: {fileID: 0}
  serializedVersion: 6
  m_Component:
  - component: {fileID: 3565401747691902401}
  - component: {fileID: 2598773988650257688}
  - component: {fileID: 7680506691977398850}
  - component: {fileID: 762971326}
  m_Layer: 3
  m_Name: body
  m_TagString: Untagged
  m_Icon: {fileID: 0}
  m_NavMeshLayer: 0
  m_StaticEditorFlags: 0
  m_IsActive: 1
--- !u!4 &3565401747691902401
Transform:
  m_ObjectHideFlags: 0
  m_CorrespondingSourceObject: {fileID: 0}
  m_PrefabInstance: {fileID: 0}
  m_PrefabAsset: {fileID: 0}
  m_GameObject: {fileID: 2507488435506780988}
  m_LocalRotation: {x: 0, y: -0, z: -0, w: 1}
  m_LocalPosition: {x: -0, y: 0.19999999, z: 0}
  m_LocalScale: {x: 1, y: 1, z: 1}
  m_Children:
  - {fileID: 2293122311461336975}
  m_Father: {fileID: 1754283904159209237}
  m_RootOrder: 0
  m_LocalEulerAnglesHint: {x: 0, y: 0, z: 0}
--- !u!33 &2598773988650257688
MeshFilter:
  m_ObjectHideFlags: 0
  m_CorrespondingSourceObject: {fileID: 0}
  m_PrefabInstance: {fileID: 0}
  m_PrefabAsset: {fileID: 0}
  m_GameObject: {fileID: 2507488435506780988}
  m_Mesh: {fileID: -8545447256379345787, guid: d017f53e91b89db498afbb192fe8f4d4, type: 3}
--- !u!23 &7680506691977398850
MeshRenderer:
  m_ObjectHideFlags: 0
  m_CorrespondingSourceObject: {fileID: 0}
  m_PrefabInstance: {fileID: 0}
  m_PrefabAsset: {fileID: 0}
  m_GameObject: {fileID: 2507488435506780988}
  m_Enabled: 1
  m_CastShadows: 1
  m_ReceiveShadows: 1
  m_DynamicOccludee: 1
  m_MotionVectors: 1
  m_LightProbeUsage: 1
  m_ReflectionProbeUsage: 1
  m_RayTracingMode: 2
  m_RayTraceProcedural: 0
  m_RenderingLayerMask: 1
  m_RendererPriority: 0
  m_Materials:
  - {fileID: 7576386722563338562, guid: d017f53e91b89db498afbb192fe8f4d4, type: 3}
  - {fileID: 643984211773790922, guid: d017f53e91b89db498afbb192fe8f4d4, type: 3}
  - {fileID: 659195688816635025, guid: d017f53e91b89db498afbb192fe8f4d4, type: 3}
  - {fileID: -3963241562183589234, guid: d017f53e91b89db498afbb192fe8f4d4, type: 3}
  - {fileID: 3398073514908505954, guid: d017f53e91b89db498afbb192fe8f4d4, type: 3}
  - {fileID: 1014270287720225592, guid: d017f53e91b89db498afbb192fe8f4d4, type: 3}
  m_StaticBatchInfo:
    firstSubMesh: 0
    subMeshCount: 0
  m_StaticBatchRoot: {fileID: 0}
  m_ProbeAnchor: {fileID: 0}
  m_LightProbeVolumeOverride: {fileID: 0}
  m_ScaleInLightmap: 1
  m_ReceiveGI: 1
  m_PreserveUVs: 0
  m_IgnoreNormalsForChartDetection: 0
  m_ImportantGI: 0
  m_StitchLightmapSeams: 1
  m_SelectedEditorRenderState: 3
  m_MinimumChartSize: 4
  m_AutoUVMaxDistance: 0.5
  m_AutoUVMaxAngle: 89
  m_LightmapParameters: {fileID: 0}
  m_SortingLayerID: 0
  m_SortingLayer: 0
  m_SortingOrder: 0
  m_AdditionalVertexStreams: {fileID: 0}
--- !u!82 &762971326
AudioSource:
  m_ObjectHideFlags: 0
  m_CorrespondingSourceObject: {fileID: 0}
  m_PrefabInstance: {fileID: 0}
  m_PrefabAsset: {fileID: 0}
  m_GameObject: {fileID: 2507488435506780988}
  m_Enabled: 1
  serializedVersion: 4
  OutputAudioMixerGroup: {fileID: 0}
  m_audioClip: {fileID: 8300000, guid: 5a86fb8304c2c2c03ad7619d9c64023c, type: 3}
  m_PlayOnAwake: 1
  m_Volume: 1
  m_Pitch: 1
  Loop: 1
  Mute: 0
  Spatialize: 0
  SpatializePostEffects: 0
  Priority: 128
  DopplerLevel: 1
  MinDistance: 1
  MaxDistance: 500
  Pan2D: 0
  rolloffMode: 0
  BypassEffects: 0
  BypassListenerEffects: 0
  BypassReverbZones: 0
  rolloffCustomCurve:
    serializedVersion: 2
    m_Curve:
    - serializedVersion: 3
      time: 0
      value: 1
      inSlope: 0
      outSlope: 0
      tangentMode: 0
      weightedMode: 0
      inWeight: 0.33333334
      outWeight: 0.33333334
    - serializedVersion: 3
      time: 1
      value: 0
      inSlope: 0
      outSlope: 0
      tangentMode: 0
      weightedMode: 0
      inWeight: 0.33333334
      outWeight: 0.33333334
    m_PreInfinity: 2
    m_PostInfinity: 2
    m_RotationOrder: 4
  panLevelCustomCurve:
    serializedVersion: 2
    m_Curve:
    - serializedVersion: 3
      time: 0
      value: 0
      inSlope: 0
      outSlope: 0
      tangentMode: 0
      weightedMode: 0
      inWeight: 0.33333334
      outWeight: 0.33333334
    m_PreInfinity: 2
    m_PostInfinity: 2
    m_RotationOrder: 4
  spreadCustomCurve:
    serializedVersion: 2
    m_Curve:
    - serializedVersion: 3
      time: 0
      value: 0
      inSlope: 0
      outSlope: 0
      tangentMode: 0
      weightedMode: 0
      inWeight: 0.33333334
      outWeight: 0.33333334
    m_PreInfinity: 2
    m_PostInfinity: 2
    m_RotationOrder: 4
  reverbZoneMixCustomCurve:
    serializedVersion: 2
    m_Curve:
    - serializedVersion: 3
      time: 0
      value: 1
      inSlope: 0
      outSlope: 0
      tangentMode: 0
      weightedMode: 0
      inWeight: 0.33333334
      outWeight: 0.33333334
    m_PreInfinity: 2
    m_PostInfinity: 2
    m_RotationOrder: 4
--- !u!1 &4580992580696727747
GameObject:
  m_ObjectHideFlags: 0
  m_CorrespondingSourceObject: {fileID: 0}
  m_PrefabInstance: {fileID: 0}
  m_PrefabAsset: {fileID: 0}
  serializedVersion: 6
  m_Component:
  - component: {fileID: 5038078273689990630}
  - component: {fileID: 1487051881072990877}
  - component: {fileID: 5374815382282638418}
  m_Layer: 3
  m_Name: wheel_backLeft
  m_TagString: Untagged
  m_Icon: {fileID: 0}
  m_NavMeshLayer: 0
  m_StaticEditorFlags: 0
  m_IsActive: 1
--- !u!4 &5038078273689990630
Transform:
  m_ObjectHideFlags: 0
  m_CorrespondingSourceObject: {fileID: 0}
  m_PrefabInstance: {fileID: 0}
  m_PrefabAsset: {fileID: 0}
  m_GameObject: {fileID: 4580992580696727747}
  m_LocalRotation: {x: 1, y: 0, z: -0, w: 6.123234e-17}
  m_LocalPosition: {x: -0.34999996, y: 0.29999998, z: -0.65999985}
  m_LocalScale: {x: -1, y: -1, z: -1}
  m_Children: []
  m_Father: {fileID: 1754283904159209237}
  m_RootOrder: 1
  m_LocalEulerAnglesHint: {x: 0, y: 0, z: 0}
--- !u!33 &1487051881072990877
MeshFilter:
  m_ObjectHideFlags: 0
  m_CorrespondingSourceObject: {fileID: 0}
  m_PrefabInstance: {fileID: 0}
  m_PrefabAsset: {fileID: 0}
  m_GameObject: {fileID: 4580992580696727747}
  m_Mesh: {fileID: 2185217709625990164, guid: d017f53e91b89db498afbb192fe8f4d4, type: 3}
--- !u!23 &5374815382282638418
MeshRenderer:
  m_ObjectHideFlags: 0
  m_CorrespondingSourceObject: {fileID: 0}
  m_PrefabInstance: {fileID: 0}
  m_PrefabAsset: {fileID: 0}
  m_GameObject: {fileID: 4580992580696727747}
  m_Enabled: 1
  m_CastShadows: 1
  m_ReceiveShadows: 1
  m_DynamicOccludee: 1
  m_MotionVectors: 1
  m_LightProbeUsage: 1
  m_ReflectionProbeUsage: 1
  m_RayTracingMode: 2
  m_RayTraceProcedural: 0
  m_RenderingLayerMask: 1
  m_RendererPriority: 0
  m_Materials:
  - {fileID: -1991239904168531565, guid: d017f53e91b89db498afbb192fe8f4d4, type: 3}
  - {fileID: -3963241562183589234, guid: d017f53e91b89db498afbb192fe8f4d4, type: 3}
  m_StaticBatchInfo:
    firstSubMesh: 0
    subMeshCount: 0
  m_StaticBatchRoot: {fileID: 0}
  m_ProbeAnchor: {fileID: 0}
  m_LightProbeVolumeOverride: {fileID: 0}
  m_ScaleInLightmap: 1
  m_ReceiveGI: 1
  m_PreserveUVs: 0
  m_IgnoreNormalsForChartDetection: 0
  m_ImportantGI: 0
  m_StitchLightmapSeams: 1
  m_SelectedEditorRenderState: 3
  m_MinimumChartSize: 4
  m_AutoUVMaxDistance: 0.5
  m_AutoUVMaxAngle: 89
  m_LightmapParameters: {fileID: 0}
  m_SortingLayerID: 0
  m_SortingLayer: 0
  m_SortingOrder: 0
  m_AdditionalVertexStreams: {fileID: 0}
--- !u!1 &8240530677217823387
GameObject:
  m_ObjectHideFlags: 0
  m_CorrespondingSourceObject: {fileID: 0}
  m_PrefabInstance: {fileID: 0}
  m_PrefabAsset: {fileID: 0}
  serializedVersion: 6
  m_Component:
  - component: {fileID: 9201138600085036544}
  - component: {fileID: 4983844823231436178}
  - component: {fileID: 3763605728911394528}
  m_Layer: 3
  m_Name: wheel_frontLeft
  m_TagString: Untagged
  m_Icon: {fileID: 0}
  m_NavMeshLayer: 0
  m_StaticEditorFlags: 0
  m_IsActive: 1
--- !u!4 &9201138600085036544
Transform:
  m_ObjectHideFlags: 0
  m_CorrespondingSourceObject: {fileID: 0}
  m_PrefabInstance: {fileID: 0}
  m_PrefabAsset: {fileID: 0}
  m_GameObject: {fileID: 8240530677217823387}
  m_LocalRotation: {x: 1, y: 0, z: -0, w: 6.123234e-17}
  m_LocalPosition: {x: -0.34999996, y: 0.29999998, z: 0.65999985}
  m_LocalScale: {x: -1, y: -1, z: -1}
  m_Children: []
  m_Father: {fileID: 1754283904159209237}
  m_RootOrder: 3
  m_LocalEulerAnglesHint: {x: 0, y: 0, z: 0}
--- !u!33 &4983844823231436178
MeshFilter:
  m_ObjectHideFlags: 0
  m_CorrespondingSourceObject: {fileID: 0}
  m_PrefabInstance: {fileID: 0}
  m_PrefabAsset: {fileID: 0}
  m_GameObject: {fileID: 8240530677217823387}
  m_Mesh: {fileID: -5281835330098238887, guid: d017f53e91b89db498afbb192fe8f4d4, type: 3}
--- !u!23 &3763605728911394528
MeshRenderer:
  m_ObjectHideFlags: 0
  m_CorrespondingSourceObject: {fileID: 0}
  m_PrefabInstance: {fileID: 0}
  m_PrefabAsset: {fileID: 0}
  m_GameObject: {fileID: 8240530677217823387}
  m_Enabled: 1
  m_CastShadows: 1
  m_ReceiveShadows: 1
  m_DynamicOccludee: 1
  m_MotionVectors: 1
  m_LightProbeUsage: 1
  m_ReflectionProbeUsage: 1
  m_RayTracingMode: 2
  m_RayTraceProcedural: 0
  m_RenderingLayerMask: 1
  m_RendererPriority: 0
  m_Materials:
  - {fileID: -1991239904168531565, guid: d017f53e91b89db498afbb192fe8f4d4, type: 3}
  - {fileID: -3963241562183589234, guid: d017f53e91b89db498afbb192fe8f4d4, type: 3}
  m_StaticBatchInfo:
    firstSubMesh: 0
    subMeshCount: 0
  m_StaticBatchRoot: {fileID: 0}
  m_ProbeAnchor: {fileID: 0}
  m_LightProbeVolumeOverride: {fileID: 0}
  m_ScaleInLightmap: 1
  m_ReceiveGI: 1
  m_PreserveUVs: 0
  m_IgnoreNormalsForChartDetection: 0
  m_ImportantGI: 0
  m_StitchLightmapSeams: 1
  m_SelectedEditorRenderState: 3
  m_MinimumChartSize: 4
  m_AutoUVMaxDistance: 0.5
  m_AutoUVMaxAngle: 89
  m_LightmapParameters: {fileID: 0}
  m_SortingLayerID: 0
  m_SortingLayer: 0
  m_SortingOrder: 0
  m_AdditionalVertexStreams: {fileID: 0}
--- !u!1 &8504470625668610782
GameObject:
  m_ObjectHideFlags: 0
  m_CorrespondingSourceObject: {fileID: 0}
  m_PrefabInstance: {fileID: 0}
  m_PrefabAsset: {fileID: 0}
  serializedVersion: 6
  m_Component:
  - component: {fileID: 169499022333076992}
  - component: {fileID: 6937922281923324626}
  - component: {fileID: 1965653661931226776}
  m_Layer: 3
  m_Name: wheel_backRight
  m_TagString: Untagged
  m_Icon: {fileID: 0}
  m_NavMeshLayer: 0
  m_StaticEditorFlags: 0
  m_IsActive: 1
--- !u!4 &169499022333076992
Transform:
  m_ObjectHideFlags: 0
  m_CorrespondingSourceObject: {fileID: 0}
  m_PrefabInstance: {fileID: 0}
  m_PrefabAsset: {fileID: 0}
  m_GameObject: {fileID: 8504470625668610782}
  m_LocalRotation: {x: 0, y: -0, z: -0, w: 1}
  m_LocalPosition: {x: 0.34999996, y: 0.29999998, z: -0.65999985}
  m_LocalScale: {x: 1, y: 1, z: 1}
  m_Children: []
  m_Father: {fileID: 1754283904159209237}
  m_RootOrder: 2
  m_LocalEulerAnglesHint: {x: 0, y: 0, z: 0}
--- !u!33 &6937922281923324626
MeshFilter:
  m_ObjectHideFlags: 0
  m_CorrespondingSourceObject: {fileID: 0}
  m_PrefabInstance: {fileID: 0}
  m_PrefabAsset: {fileID: 0}
  m_GameObject: {fileID: 8504470625668610782}
  m_Mesh: {fileID: 45928071112724564, guid: d017f53e91b89db498afbb192fe8f4d4, type: 3}
--- !u!23 &1965653661931226776
MeshRenderer:
  m_ObjectHideFlags: 0
  m_CorrespondingSourceObject: {fileID: 0}
  m_PrefabInstance: {fileID: 0}
  m_PrefabAsset: {fileID: 0}
  m_GameObject: {fileID: 8504470625668610782}
  m_Enabled: 1
  m_CastShadows: 1
  m_ReceiveShadows: 1
  m_DynamicOccludee: 1
  m_MotionVectors: 1
  m_LightProbeUsage: 1
  m_ReflectionProbeUsage: 1
  m_RayTracingMode: 2
  m_RayTraceProcedural: 0
  m_RenderingLayerMask: 1
  m_RendererPriority: 0
  m_Materials:
  - {fileID: -1991239904168531565, guid: d017f53e91b89db498afbb192fe8f4d4, type: 3}
  - {fileID: -3963241562183589234, guid: d017f53e91b89db498afbb192fe8f4d4, type: 3}
  m_StaticBatchInfo:
    firstSubMesh: 0
    subMeshCount: 0
  m_StaticBatchRoot: {fileID: 0}
  m_ProbeAnchor: {fileID: 0}
  m_LightProbeVolumeOverride: {fileID: 0}
  m_ScaleInLightmap: 1
  m_ReceiveGI: 1
  m_PreserveUVs: 0
  m_IgnoreNormalsForChartDetection: 0
  m_ImportantGI: 0
  m_StitchLightmapSeams: 1
  m_SelectedEditorRenderState: 3
  m_MinimumChartSize: 4
  m_AutoUVMaxDistance: 0.5
  m_AutoUVMaxAngle: 89
  m_LightmapParameters: {fileID: 0}
  m_SortingLayerID: 0
  m_SortingLayer: 0
  m_SortingOrder: 0
  m_AdditionalVertexStreams: {fileID: 0}
